@inproceedings{deng2010does,
	title={What does classifying more than 10,000 image categories tell us?},
	author={Deng, Jia and Berg, Alexander C and Li, Kai and Fei-Fei, Li},
	booktitle={European conference on computer vision},
	pages={71--84},
	year={2010},
	organization={Springer}
}

@article{rosch2004basic,
	title={Basic objects in natural categories},
	author={Rosch, Eleanor and Mervis, Carolyn and Gray, Wayne and Johnson, David and Boyes-Braem, Penny},
	journal={Cognitive psychology: Key readings},
	volume={448},
	year={2004},
	publisher={Psychology Press (UK)}
}

@book{osinga2019data,
	title={Deep Learning Kochbuch: Praxisrezepte für einen schnellen Einstieg},
	author={Douwe Osinga},
    isbn={9783960090977},
    year={2019},
	pages={19--26},
    publisher={O’Reilly Verlag},
    keywords = {deep learning}
}

@book{geron2017supervisedlearning,
	title={Praxiseinstieg Machine Learning mit Scikit-Learn und TensorFlow: Konzepte, Tools und Techniken für intelligente Systeme},
	author={Aurélien Géron},
    isbn={9783960090618},
    year={2017},
	pages={8--14},
    publisher={O’Reilly Verlag},
    keywords = {machine learning}
}