
@misc{noauthor_zotero_nodate,
	title = {Zotero {\textbar} {Connectors}},
	url = {https://www.zotero.org/download/connectors},
	urldate = {2020-02-25},
	file = {Zotero | Connectors:C\:\\Users\\bjoern\\Zotero\\storage\\RTTUKGHL\\connectors.html:text/html}
}

@misc{noauthor_most_2015,
	type = {{CT904}},
	title = {The {Most} {Popular} {Language} {For} {Machine} {Learning} {Is} ... ({IT} {Best} {Kept} {Secret} {Is} {Optimization})},
	copyright = {Â© Copyright IBM Corporation 2009, 2013},
	url = {www.ibm.com/developerworks/community/blogs/jfp/entry/what_language_is_best_for_machine_learning_and_data_science},
	abstract = {developerWorks wikis allow groups of people to jointly create and maintain content through contribution and collaboration. Wikis apply the wisdom of crowds to generating information for users interested in a particular subject. You can search all wikis, start a wiki,and view the wikis you own, the wikis you interact with as an editor or reader, and the wikis you follow.},
	language = {en},
	urldate = {2020-02-25},
	month = aug,
	year = {2015},
	note = {Library Catalog: www.ibm.com},
	file = {Snapshot:C\:\\Users\\bjoern\\Zotero\\storage\\USFZ8UXW\\What_Language_Is_Best_For_Machine_Learning_And_Data_Science.html:text/html}
}